@article{hunt2000anamorphic,
  title={Anamorphic images},
  author={Hunt, JL and Nickel, BG and Gigault, Christian},
  journal={American Journal of Physics},
  volume={68},
  number={3},
  pages={232--237},
  year={2000},
  publisher={American Association of Physics Teachers}
}

@book{niceron1992perspective,
  title={Perspective curieuse},
  author={Niceron, Jean Fran{\c{c}}ois},
  year={1992}
}
