@incollection{
year={2005},
isbn={978-3-540-28869-5},
booktitle={Image Analysis and Processing â€“ ICIAP 2005},
volume={3617},
series={Lecture Notes in Computer Science},
editor={Roli, Fabio and Vitulano, Sergio},
doi={10.1007/11553595_17},
title={Computer Vision for Interactive Skewed Video Projection},
url={http://dx.doi.org/10.1007/11553595_17},
publisher={Springer Berlin Heidelberg},
author={Brazzini, Alessandro and Colombo, Carlo},
pages={139-146},
language={English}
}
